<record xmlns="http://www.loc.gov/MARC21/slim">
   <leader>03570cam a2200505 i 4500</leader>
   <controlfield tag="001">6803132</controlfield>
   <controlfield tag="003">OCoLC</controlfield>
   <controlfield tag="005">20150126120940.0</controlfield>
   <controlfield tag="008">140806t20152015enka     b    001 0 eng  </controlfield>
   <datafield ind1=" " ind2=" " tag="010">
      <subfield code="a">  2014021234</subfield>
   </datafield>
   <datafield ind1=" " ind2=" " tag="015">
      <subfield code="a">GBB497217</subfield>
      <subfield code="2">bnb</subfield>
   </datafield>
   <datafield ind1="7" ind2=" " tag="016">
      <subfield code="a">016863321</subfield>
      <subfield code="2">Uk</subfield>
   </datafield>
   <datafield ind1=" " ind2=" " tag="020">
      <subfield code="a">9781472524454</subfield>
      <subfield code="q">hardback</subfield>
   </datafield>
   <datafield ind1=" " ind2=" " tag="020">
      <subfield code="a">1472524454</subfield>
      <subfield code="q">hardback</subfield>
   </datafield>
   <datafield ind1=" " ind2=" " tag="020">
      <subfield code="z">9781472578716</subfield>
      <subfield code="q">epub</subfield>
   </datafield>
   <datafield ind1=" " ind2=" " tag="020">
      <subfield code="z">9781472578723</subfield>
      <subfield code="q">epdf</subfield>
   </datafield>
   <datafield ind1=" " ind2=" " tag="035">
      <subfield code="a">ocn885982996</subfield>
   </datafield>
   <datafield ind1=" " ind2=" " tag="040">
      <subfield code="a">DLC</subfield>
      <subfield code="b">eng</subfield>
      <subfield code="e">rda</subfield>
      <subfield code="c">DLC</subfield>
      <subfield code="d">YDX</subfield>
      <subfield code="d">UKMGB</subfield>
      <subfield code="d">YDXCP</subfield>
      <subfield code="d">BTCTA</subfield>
      <subfield code="d">BDX</subfield>
      <subfield code="d">NLE</subfield>
      <subfield code="d">OCLCQ</subfield>
      <subfield code="d">UAB</subfield>
      <subfield code="d">AEU</subfield>
   </datafield>
   <datafield ind1=" " ind2=" " tag="042">
      <subfield code="a">pcc</subfield>
   </datafield>
   <datafield ind1="0" ind2="0" tag="050">
      <subfield code="a">B2430.B273</subfield>
      <subfield code="b">E8733 2015</subfield>
   </datafield>
   <datafield ind1="0" ind2="0" tag="082">
      <subfield code="a">111</subfield>
      <subfield code="2">23</subfield>
   </datafield>
   <datafield ind1=" " ind2=" " tag="090">
      <subfield code="a">B 2430 B273 E8733 2015</subfield>
      <subfield code="b">AEU</subfield>
   </datafield>
   <datafield ind1=" " ind2=" " tag="090">
      <subfield code="a">B2430 .B273 E8733 2015</subfield>
      <subfield code="b">AEGMCT</subfield>
   </datafield>
   <datafield ind1="1" ind2=" " tag="100">
      <subfield code="a">Baki, Burhanuddin,</subfield>
      <subfield code="e">author.</subfield>
   </datafield>
   <datafield ind1="1" ind2="0" tag="245">
      <subfield code="a">Badiou's Being and Event and the mathematics of set theory /</subfield>
      <subfield code="c">by Burhanuddin Baki.</subfield>
   </datafield>
   <datafield ind1=" " ind2="1" tag="264">
      <subfield code="a">London, UK ;</subfield>
      <subfield code="a">New York, NY, USA :</subfield>
      <subfield code="b">Bloomsbury Academic, an imprint of Bloomsbury Publishing Plc,</subfield>
      <subfield code="c">2015.</subfield>
   </datafield>
   <datafield ind1=" " ind2="4" tag="264">
      <subfield code="c">©2015</subfield>
   </datafield>
   <datafield ind1=" " ind2=" " tag="300">
      <subfield code="a">273 pages :</subfield>
      <subfield code="b">illustrations ;</subfield>
      <subfield code="c">24 cm</subfield>
   </datafield>
   <datafield ind1=" " ind2=" " tag="336">
      <subfield code="a">text</subfield>
      <subfield code="b">txt</subfield>
      <subfield code="2">rdacontent</subfield>
   </datafield>
   <datafield ind1=" " ind2=" " tag="337">
      <subfield code="a">unmediated</subfield>
      <subfield code="b">n</subfield>
      <subfield code="2">rdamedia</subfield>
   </datafield>
   <datafield ind1=" " ind2=" " tag="338">
      <subfield code="a">volume</subfield>
      <subfield code="b">nc</subfield>
      <subfield code="2">rdacarrier</subfield>
   </datafield>
   <datafield ind1=" " ind2=" " tag="504">
      <subfield code="a">Includes bibliographical references (pages 257-259) and index.</subfield>
   </datafield>
   <datafield ind1=" " ind2=" " tag="505">
      <subfield code="a">1. Mathematics = Ontology -- 2. Ontology of Axiomatic Set Theory -- 3. Metaontology of Situations and Presentation -- 4. Metaontology of the State and Representation -- 5. Ontology and Metaontology of the Cardinal and Ordinal Numbers -- 6. Ontology and Metaontology of the Constructible -- 7. Ontology of Forcing and Generic Sets -- 8. Metaontology of the Subject, Truth, the Event and Intervention.</subfield>
   </datafield>
   <datafield ind1=" " ind2=" " tag="520">
      <subfield code="a">Alain Badiou's Being and Event continues to impact philosophical investigations into the question of Being. By exploring the central role set theory plays in this influential work, Burhanuddin Baki presents the first extended study of Badiou's use of mathematics in Being and Event. Adopting a clear, straightforward approach, Baki gathers together and explains the technical details of the relevant high-level mathematics in Being and Event. He examines Badiou's philosophical framework in close detail, showing exactly how it is 'conditioned' by the technical mathematics. Clarifying the relevant details of Badiou's mathematics, Baki looks at the four core topics Badiou employs from set theory: the formal axiomatic system of ZFC; cardinal and ordinal numbers; Kurt G del's concept of constructability; and Cohen's technique of forcing. Baki then rebuilds Badiou's philosophical meditations in relation to their conditioning by the mathematics, paying particular attention to Cohen's forcing, which informs Badiou's analysis of the event. Providing valuable insights into Badiou's philosophy of mathematics, Badiou's Being and Event and the Mathematics of Set Theory offers an excellent commentary and a new reading of Badiou's most complex and important work.</subfield>
   </datafield>
   <datafield ind1=" " ind2=" " tag="596">
      <subfield code="a">16 29 43</subfield>
   </datafield>
   <datafield ind1="1" ind2="0" tag="600">
      <subfield code="a">Badiou, Alain.</subfield>
      <subfield code="t">Etre et l'événement.</subfield>
   </datafield>
   <datafield ind1=" " ind2="0" tag="650">
      <subfield code="a">Set theory.</subfield>
   </datafield>
   <datafield ind1=" " ind2="0" tag="650">
      <subfield code="a">Ontology.</subfield>
   </datafield>
   <datafield ind1=" " ind2="0" tag="650">
      <subfield code="a">Events (Philosophy)</subfield>
   </datafield>
   <datafield ind1=" " ind2=" " tag="949">
      <subfield code="a">B 2430 B273 E8733 2015</subfield>
      <subfield code="c">1</subfield>
      <subfield code="h">UAAU-B</subfield>
      <subfield code="i">0162035236171</subfield>
   </datafield>
   <datafield ind1=" " ind2=" " tag="947">
      <subfield code="b">TPH</subfield>
      <subfield code="f">QGM</subfield>
      <subfield code="h">GMCT-OS-B</subfield>
      <subfield code="p">98.56</subfield>
      <subfield code="q">1</subfield>
      <subfield code="z">9781472524454</subfield>
   </datafield>
   <datafield ind1=" " ind2=" " tag="999">
      <subfield code="h">GMCT-OS-B</subfield>
   </datafield>
   <datafield ind1=" " ind2=" " tag="926">
      <subfield code="a">B 2430 B273 E8733 2015</subfield>
      <subfield code="w">LC</subfield>
      <subfield code="c">1</subfield>
      <subfield code="i">0162035236171</subfield>
      <subfield code="l">ON_SHELF</subfield>
      <subfield code="m">UAAUG</subfield>
      <subfield code="p">$150.00</subfield>
      <subfield code="r">Y</subfield>
      <subfield code="s">Y</subfield>
      <subfield code="t">BOOK</subfield>
      <subfield code="u">2/11/2015</subfield>
   </datafield>
   <datafield ind1=" " ind2=" " tag="926">
      <subfield code="a">B2430 .B273 E8733 2015</subfield>
      <subfield code="w">LC</subfield>
      <subfield code="c">1</subfield>
      <subfield code="i">1007774886</subfield>
      <subfield code="d">7/31/2015</subfield>
      <subfield code="l">ON_SHELF</subfield>
      <subfield code="m">GR_MACEWAN</subfield>
      <subfield code="p">$127.45</subfield>
      <subfield code="r">Y</subfield>
      <subfield code="s">Y</subfield>
      <subfield code="t">BOOK</subfield>
      <subfield code="u">7/9/2015</subfield>
   </datafield>
   <datafield ind1=" " ind2=" " tag="926">
      <subfield code="a">B 2430 B273 E8733 2015</subfield>
      <subfield code="w">LC</subfield>
      <subfield code="c">1</subfield>
      <subfield code="i">0162035245818</subfield>
      <subfield code="l">ON_SHELF</subfield>
      <subfield code="m">UAHSS</subfield>
      <subfield code="p">$150.00</subfield>
      <subfield code="r">Y</subfield>
      <subfield code="s">Y</subfield>
      <subfield code="t">BOOK</subfield>
      <subfield code="u">3/4/2015</subfield>
   </datafield>
</record>
